%======================================================
% AlphaFold Related References
%======================================================

@article{Jumper2021,
   author = {John Jumper and Richard Evans and Alexander Pritzel and Tim Green and Michael Figurnov and Olaf Ronneberger and Kathryn Tunyasuvunakool and Russ Bates and Augustin Žídek and Anna Potapenko and Alex Bridgland and Clemens Meyer and Simon A.A. Kohl and Andrew J. Ballard and Andrew Cowie and Bernardino Romera-Paredes and Stanislav Nikolov and Rishub Jain and Jonas Adler and Trevor Back and Stig Petersen and David Reiman and Ellen Clancy and Michal Zielinski and Martin Steinegger and Michalina Pacholska and Tamas Berghammer and Sebastian Bodenstein and David Silver and Oriol Vinyals and Andrew W. Senior and Koray Kavukcuoglu and Pushmeet Kohli and Demis Hassabis},
   doi = {10.1038/s41586-021-03819-2},
   issn = {1476-4687},
   issue = {7873},
   journal = {Nature 2021 596:7873},
   keywords = {Computational biophysics,Machine learning,Protein structure predictions,Structural biology},
   month = {7},
   pages = {583-589},
   pmid = {34265844},
   publisher = {Nature Publishing Group},
   title = {Highly accurate protein structure prediction with AlphaFold},
   volume = {596},
   url = {https://doi.org/10.1038/s41586-021-03819-2},
   year = {2021},
}

@article{Varadi2022,
   author = {Mihaly Varadi and Stephen Anyango and Mandar Deshpande and Sreenath Nair and Cindy Natassia and Galabina Yordanova and David Yuan and Oana Stroe and Gemma Wood and Agata Laydon and Augustin Zídek and Tim Green and Kathryn Tunyasuvunakool and Stig Petersen and John Jumper and Ellen Clancy and Richard Green and Ankur Vora and Mira Lutfi and Michael Figurnov and Andrew Cowie and Nicole Hobbs and Pushmeet Kohli and Gerard Kleywegt and Ewan Birney and Demis Hassabis and Sameer Velankar},
   doi = {10.1093/NAR/GKAB1061},
   issn = {0305-1048},
   issue = {D1},
   journal = {Nucleic Acids Research},
   keywords = {amino acid sequence,datasets,protein structure},
   month = {1},
   pages = {D439-D444},
   pmid = {34791371},
   publisher = {Oxford Academic},
   title = {AlphaFold Protein Structure Database: massively expanding the structural coverage of protein-sequence space with high-accuracy models},
   volume = {50},
   url = {https://doi.org/10.1093/nar/gkab1061},
   year = {2022},
}

@article{Tunyasuvunakool2021,
   author = {Kathryn Tunyasuvunakool and Jonas Adler and Zachary Wu and Tim Green and Michal Zielinski and Augustin Žídek and Alex Bridgland and Andrew Cowie and Clemens Meyer and Agata Laydon and Sameer Velankar and Gerard J. Kleywegt and Alex Bateman and Richard Evans and Alexander Pritzel and Michael Figurnov and Olaf Ronneberger and Russ Bates and Simon A.A. Kohl and Anna Potapenko and Andrew J. Ballard and Bernardino Romera-Paredes and Stanislav Nikolov and Rishub Jain and Ellen Clancy and David Reiman and Stig Petersen and Andrew W. Senior and Koray Kavukcuoglu and Ewan Birney and Pushmeet Kohli and John Jumper and Demis Hassabis},
   doi = {10.1038/s41586-021-03828-1},
   issn = {1476-4687},
   issue = {7873},
   journal = {Nature 2021 596:7873},
   keywords = {Machine learning,Protein structure predictions,Proteomic analysis,Structural biology},
   month = {7},
   pages = {590-596},
   pmid = {34293799},
   publisher = {Nature Publishing Group},
   title = {Highly accurate protein structure prediction for the human proteome},
   volume = {596},
   url = {https://doi.org/10.1038/s41586-021-03828-1},
   year = {2021},
}

@misc{AlphaFold_Blog,
   title = {AlphaFold Blog},
   url = {https://rb.gy/mnqomi},
   note = {Last accessed: 28-11-2022},
   year={2022}
}

@misc{LexFridmanVideo,
   author = {Lex Fridman},
   title = {DeepMind solves protein folding},
   url = {https://youtu.be/W7wJDJ56c88},
   note = {Last accessed: 28-11-2022},
   year={2022}
}

@misc{Levinthal1969,
   author = {Cyrus Levinthal},
   journal = {University of Illinois Press},
   pages = {22-24},
   title = {Levinthal's Paradox},
   url ={https://rb.gy/ydb8o3},
   year = {1969},
   note = {Last accessed: 28-11-2022},
}

@article{Torrisi2020,
   author = {Mirko Torrisi and Gianluca Pollastri and Quan Le},
   doi = {10.1016/J.CSBJ.2019.12.011},
   issn = {2001-0370},
   journal = {Computational and Structural Biotechnology Journal},
   keywords = {Deep learning,Machine learning,Protein structure prediction},
   month = {1},
   pages = {1301-1310},
   publisher = {Elsevier},
   title = {Deep learning methods in protein structure prediction},
   volume = {18},
   year = {2020},
}

%======================================================
% DTIs Papers
%======================================================

@article{Shar2016,
   author = {Piar Ali Shar and Weiyang Tao and Shuo Gao and Chao Huang and Bohui Li and Wenjuan Zhang and Mohamed Shahen and Chunli Zheng and Yaofei Bai and Yonghua Wang},
   doi = {10.3109/14756366.2016.1144594/SUPPL_FILE/IENZ_A_1144594_SM1461.ZIP},
   issn = {14756374},
   issue = {6},
   journal = {Journal of Enzyme Inhibition and Medicinal Chemistry},
   keywords = {Binding affinity prediction,drug target interaction,random forest,support vector machine},
   month = {11},
   pages = {1443-1450},
   pmid = {26888050},
   publisher = {Taylor and Francis Ltd},
   title = {Pred-binding: large-scale protein–ligand binding affinity prediction},
   volume = {31},
   url = {https://pubmed.ncbi.nlm.nih.gov/26888050/},
   year = {2016},
}

@article{Wang2020,
   author = {Lei Wang and Zhu Hong You and Li Ping Li and Xin Yan and Wei Zhang},
   doi = {10.1038/s41598-020-62891-2},
   issn = {2045-2322},
   issue = {1},
   journal = {Scientific Reports 2020 10:1},
   keywords = {Computational models,Data mining},
   month = {4},
   pages = {1-11},
   pmid = {32313024},
   publisher = {Nature Publishing Group},
   title = {Incorporating chemical sub-structures and protein evolutionary information for inferring drug-target interactions},
   volume = {10},
   url = {https://doi.org/10.1038/s41598-020-62891-2},
   year = {2020},
}

@article{Jiang2020,
   author = {Mingjian Jiang and Zhen Li and Shugang Zhang and Shuang Wang and Xiaofeng Wang and Qing Yuan and Zhiqiang Wei},
   doi = {10.1039/D0RA02297G},
   issn = {2046-2069},
   issue = {35},
   journal = {RSC Advances},
   month = {5},
   pages = {20701-20712},
   publisher = {The Royal Society of Chemistry},
   title = {Drug–target affinity prediction using graph neural network and contact maps},
   volume = {10},
   url = {https://doi.org/10.1039/D0RA02297G},
   year = {2020},
}

@article{Gligorijević,
   author = {Vladimir Gligorijević and P. Douglas Renfrew and Tomasz Kosciolek and Julia Koehler Leman and Daniel Berenberg and Tommi Vatanen and Chris Chandler and Bryn C. Taylor and Ian M. Fisk and Hera Vlamakis and Ramnik J. Xavier and Rob Knight and Kyunghyun Cho and Richard Bonneau},
   doi = {10.1038/s41467-021-23303-9},
   issn = {2041-1723},
   issue = {1},
   journal = {Nature Communications 2021 12:1},
   keywords = {Machine learning,Protein function predictions,Protein structure predictions},
   month = {5},
   pages = {1-14},
   pmid = {34039967},
   publisher = {Nature Publishing Group},
   title = {Structure-based protein function prediction using graph convolutional networks},
   volume = {12},
   url = {https://doi.org/10.1038/s41467-021-23303-9},
   year = {2021},
}

@article{Acharya2011,
   author = {Chayan Acharya and Andrew Coop and James E. Polli and Jr. Alexander D. MacKerell},
   doi = {10.2174/157340911793743547},
   issn = {15734099},
   issue = {1},
   journal = {Current computer-aided drug design},
   keywords = {CSP,CoMFA,CoMSIA,computer-aided drug design,drug discovery,lead optimization,pharmacophore},
   month = {3},
   pages = {10},
   pmid = {20807187},
   publisher = {NIH Public Access},
   title = {Recent Advances in Ligand-Based Drug Design: Relevance and Utility of the Conformationally Sampled Pharmacophore Approach},
   volume = {7},
   url = {http://dx.doi.org/10.2174/157340911793743547},
   year = {2011},
}

@article{Meng2011,
   author = {Xuan-Yu Meng and Hong-Xing Zhang and Mihaly Mezei and Meng Cui},
   doi = {10.2174/157340911795677602},
   issn = {15734099},
   issue = {2},
   journal = {Current computer-aided drug design},
   month = {6},
   pages = {146},
   pmid = {21534921},
   publisher = {NIH Public Access},
   title = {Molecular Docking: A powerful approach for structure-based drug discovery},
   volume = {7},
   url = {http://dx.doi.org/10.2174/157340911795677602},
   year = {2011},
}

@article{Lu2020,
   author = {Haiying Lu and Qiaodan Zhou and Jun He and Zhongliang Jiang and Cheng Peng and Rongsheng Tong and Jianyou Shi},
   doi = {10.1038/s41392-020-00315-3},
   issn = {2059-3635},
   issue = {1},
   journal = {Signal Transduction and Targeted Therapy 2020 5:1},
   keywords = {Drug discovery,Target identification},
   month = {9},
   pages = {1-23},
   pmid = {32968059},
   publisher = {Nature Publishing Group},
   title = {Recent advances in the development of protein–protein interactions modulators: mechanisms and clinical trials},
   volume = {5},
   url = {https://doi.org/10.1038/s41392-020-00315-3},
   year = {2020},
}

@article{Mozhaev1982,
   author = {V. V. Mozhaev and Karel Martinek},
   doi = {10.1016/0141-0229(82)90050-3},
   issn = {0141-0229},
   issue = {5},
   journal = {Enzyme and Microbial Technology},
   keywords = {Proteins,conformation,enzyme inactivation,enzyme reactivation,molecular mechanism},
   month = {9},
   pages = {299-309},
   publisher = {Elsevier},
   title = {Inactivation and reactivation of proteins (enzymes)},
   volume = {4},
   year = {1982},
}

@misc{Berry2022,
   author = {Jennifer Berry and Mary West},
   journal = {Medical News Today},
   month = {3},
   title = {Protease inhibitors: How they work, types, and side effects},
   url = {https://rb.gy/bgoq},
   year = {2022},
}

@article{Ma2022,
   author = {Ling Ma and Quanjie Li and Yongli Xie and jianyuan Zhao and Dongrong Yi and Saisai Guo and Fei Guo and Jing Wang and Long Yang and Shan Cen},
   doi = {10.1016/J.ANTIVIRAL.2022.105419},
   issn = {18729096},
   journal = {Antiviral Research},
   keywords = {Anti-coronavirus drug,Protease,Screening assay,Severe acute respiratory syndrome coronavirus 2},
   month = {11},
   pages = {105419},
   pmid = {36155070},
   publisher = {Elsevier},
   title = {Repurposing of HIV/HCV protease inhibitors against SARS-CoV-2 3CLpro},
   volume = {207},
   url = {https://doi.org/10.1016/j.antiviral.2022.105419},
   year = {2022},
}

%======================================================
% Examples of papers discussing only one specific protein
%======================================================

@article{Vallianatou2013,
   author = {Theodosia Vallianatou and George Lambrinidis and Anna Tsantili-Kakoulidou},
   doi = {10.1517/17460441.2013.777424},
   issn = {1746-0441},
   issue = {5},
   journal = {Expert Opinion on Drug Discovery},
   keywords = {Europe PMC,Europe PubMed Central,ORCIDs,REST APIs,abstracts,bioinformatics,biological patents,biomedical journals,biomedical research,citation networks,citation search,clinical guidelines,full text,journal articles,life sciences,literature search,open access,research articles,text mining},
   month = {3},
   pages = {583-595},
   pmid = {23461733},
   title = {In silico prediction of human serum albumin binding for drug leads.},
   volume = {8},
   url = {https://europepmc.org/article/med/23461733},
   year = {2013},
}

@article{Estrada2006,
   author = {Ernesto Estrada and Eugenio Uriarte and Enrique Molina and Yamil Simón-Manso and George W.A. Milne},
   doi = {10.1021/CI600274F/SUPPL_FILE/CI600274F-FILE001.PDF},
   issn = {1549960X},
   issue = {6},
   journal = {Journal of Chemical Information and Modeling},
   pages = {2709-2724},
   pmid = {17125211},
   publisher = {American Chemical Society},
   title = {An integrated in silico analysis of drug-binding to human serum albumin},
   volume = {46},
   url = {https://pubs.acs.org/doi/abs/10.1021/ci600274f},
   year = {2006},
}

@article{Colmenarejo2003,
   author = {Gonzalo Colmenarejo},
   doi = {10.1002/MED.10039},
   issn = {0198-6325},
   issue = {3},
   journal = {Medicinal research reviews},
   keywords = {Affinity,Binding Sites,Chemical,Chromatography,Gonzalo Colmenarejo,Humans,MEDLINE,Models,NCBI,NIH,NLM,National Center for Biotechnology Information,National Institutes of Health,National Library of Medicine,Pharmaceutical Preparations / chemistry*,Protein Binding,PubMed Abstract,Quantitative Structure-Activity Relationship,Review,Serum Albumin / chemistry*,doi:10.1002/med.10039,pmid:12647311},
   month = {5},
   pages = {275-301},
   pmid = {12647311},
   publisher = {Med Res Rev},
   title = {In silico prediction of drug-binding strengths to human serum albumin},
   volume = {23},
   url = {https://pubmed.ncbi.nlm.nih.gov/12647311/},
   year = {2003},
}

%======================================================
% Other Papers
%======================================================

@article{Sachdev2019,
   author = {Kanica Sachdev and Manoj Kumar Gupta},
   doi = {10.1016/J.JBI.2019.103159},
   issn = {1532-0464},
   journal = {Journal of Biomedical Informatics},
   keywords = {Drug target interaction,Drugs,Feature based techniques,Proteins,Targets},
   month = {5},
   pages = {103159},
   pmid = {30926470},
   publisher = {Academic Press},
   title = {A comprehensive review of feature based methods for drug target interaction prediction},
   volume = {93},
   year = {2019},
}

@article{Scheife1989,
   author = {R. T. Scheife},
   doi = {10.1177/106002808902300706},
   issn = {1042-9611},
   issue = {7-8 Suppl},
   journal = {DICP : the annals of pharmacotherapy},
   keywords = {Anti-Bacterial Agents / blood,Anti-Bacterial Agents / metabolism*,Blood Proteins / metabolism,Humans,MEDLINE,NCBI,NIH,NLM,National Center for Biotechnology Information,National Institutes of Health,National Library of Medicine,Pharmaceutical Preparations / metabolism*,Pharmacokinetics,Protein Binding*,PubMed Abstract,R T Scheife,Review,doi:10.1177/106002808902300706,pmid:2669380},
   pmid = {2669380},
   publisher = {DICP},
   title = {Protein binding: what does it mean?},
   volume = {23},
   url = {https://pubmed.ncbi.nlm.nih.gov/2669380/},
   year = {1989},
}

@article{ProteinBindingOverview,
   author = {Jennifer L. Davis},
   doi = {10.1016/B978-0-323-44329-6.00002-4},
   isbn = {978-0-323-44329-6},
   journal = {Equine Internal Medicine: Fourth Edition},
   month = {1},
   pages = {79-137},
   publisher = {W.B. Saunders},
   title = {Pharmacologic Principles},
   year = {2018},
}

@article{Misfolding_Diseases,
   author = {Tapan K. Chaudhuri and Subhankar Paul},
   doi = {10.1111/J.1742-4658.2006.05181.X},
   issn = {1742-464X},
   issue = {7},
   journal = {The FEBS journal},
   keywords = {Amyloid / chemistry,Amyloid / genetics,Amyloid / metabolism,Humans,MEDLINE,Models,Molecular,Molecular Chaperones / metabolism*,Mutation,NCBI,NIH,NLM,National Center for Biotechnology Information,National Institutes of Health,National Library of Medicine,Neurodegenerative Diseases* / genetics,Neurodegenerative Diseases* / metabolism,Neurodegenerative Diseases* / pathology,PrPSc Proteins / chemistry,PrPSc Proteins / genetics,PrPSc Proteins / metabolism,Protein Conformation*,Protein Folding*,PubMed Abstract,Review,Subhankar Paul,Tapan K Chaudhuri,doi:10.1111/j.1742-4658.2006.05181.x,pmid:16689923},
   month = {4},
   pages = {1331-1349},
   pmid = {16689923},
   publisher = {FEBS J},
   title = {Protein-misfolding diseases and chaperone-based therapeutic approaches},
   volume = {273},
   url = {https://pubmed.ncbi.nlm.nih.gov/16689923/},
   year = {2006},
}

@article{Aparoy2012,
   author = {Polamarasetty Aparoy and Kakularam Kumar Reddy and Pallu Reddanna},
   doi = {10.2174/092986712801661112},
   issn = {09298673},
   issue = {22},
   journal = {Current Medicinal Chemistry},
   keywords = {5-LOX,Arachidonic acid,QSAR,asthma,drug design,pharmacophore,pseudoreceptor INTRODUCTION TO DRUG DESIGN,scaffold hopping},
   month = {7},
   pages = {3763},
   pmid = {22680930},
   publisher = {Bentham Science Publishers},
   title = {Structure and Ligand Based Drug Design Strategies in the Development of Novel 5-LOX Inhibitors},
   volume = {19},
   url = {ncbi.nlm.nih.gov/pmc/articles/PMC3480706/},
   year = {2012},
}

@article{Lo2018,
   author = {Yu Chen Lo and Stefano E. Rensi and Wen Torng and Russ B. Altman},
   doi = {10.1016/J.DRUDIS.2018.05.010},
   issn = {1359-6446},
   issue = {8},
   journal = {Drug Discovery Today},
   month = {8},
   pages = {1538-1546},
   pmid = {29750902},
   publisher = {Elsevier Current Trends},
   title = {Machine learning in chemoinformatics and drug discovery},
   volume = {23},
   year = {2018},
}

@article{Ong2007,
   author = {Serene A.K. Ong and Hong Huang Lin and Yu Zong Chen and Ze Rong Li and Zhiwei Cao},
   doi = {10.1186/1471-2105-8-300/TABLES/5},
   issn = {14712105},
   issue = {1},
   journal = {BMC Bioinformatics},
   keywords = {Algorithms,Bioinformatics,Computational Biology/Bioinformatics,Computer Appl. in Life Sciences,Microarrays},
   month = {8},
   pages = {1-14},
   pmid = {17705863},
   publisher = {BioMed Central},
   title = {Efficacy of different protein descriptors in predicting protein functional families},
   volume = {8},
   url = {https://doi.org/10.1186/1471-2105-8-300},
   year = {2007},
}

@article{Encyclopedia,
   author = {Shoba Ranganathan and Michael Gribskov and Kenta Nakai and Christian Schönbach},
   editor = {Shoba Ranganathan and Michael Gribskov and Kenta Nakai and Christian B T - Encyclopedia of Bioinformatics and Computational Biology Schönbach},
   isbn = {978-0-12-811432-2},
   journal = {Encyclopedia of Bioinformatics and Computational Biology},
   pages = {938-952},
   publisher = {Academic Press},
   title = {Applications, Volume 3},
   volume = {3},
   url = {https://rb.gy/r1nlwt},
   year = {2019},
}

@article{Yamanishi2008,
   author = {Yoshihiro Yamanishi and Michihiro Araki and Alex Gutteridge and Wataru Honda and Minoru Kanehisa},
   doi = {10.1093/BIOINFORMATICS/BTN162},
   issn = {1367-4803},
   issue = {13},
   journal = {Bioinformatics},
   month = {7},
   pages = {i232-i240},
   pmid = {18586719},
   publisher = {Oxford Academic},
   title = {Prediction of drug–target interaction networks from the integration of chemical and genomic spaces},
   volume = {24},
   url = {https://doi.org/10.1093/bioinformatics/btn162},
   year = {2008},
}

@misc{DerangedPhysiology,
   author = {Alex Yartsev},
   title = {Protein binding of drugs},
   url = {https://rb.gy/r8tmc8},
   note = {Last accessed: 09-11-2022},
   year={2022},
}

@misc{CellBiologyEssentials,
   author = {Clare O’Connor and Jill U. Adams and Jennifer Fairman},
   journal = {Essentials of Cell Biology},
   title = {Proteins Are Responsible for a Diverse Range of Structural and Catalytic Functions in Cells},
   url = {https://rb.gy/8a6x7e},
   year = {2010},
   note = {Last accessed: 09-11-2022},
}

@article{Zhuang2019,
   author = {Fuzhen Zhuang and Zhiyuan Qi and Keyu Duan and Dongbo Xi and Yongchun Zhu and Hengshu Zhu and Hui Xiong and Qing He},
   doi = {10.1109/JPROC.2020.3004555},
   issn = {15582256},
   issue = {1},
   journal = {Proceedings of the IEEE},
   keywords = {Domain adaptation,interpretation,machine learning,transfer learning},
   month = {11},
   pages = {43-76},
   publisher = {Institute of Electrical and Electronics Engineers Inc.},
   title = {A Comprehensive Survey on Transfer Learning},
   volume = {109},
   url = {
https://doi.org/10.48550/arXiv.1911.02685},
   year = {2019},
}

@article{Lee2022,
   author = {Ingoo Lee and Hojung Nam},
   doi = {10.1186/S13321-022-00584-W/FIGURES/6},
   issn = {17582946},
   issue = {1},
   journal = {Journal of Cheminformatics},
   keywords = {Binding information,Deep learning,Drug–target interaction,Hit identification,Protein sequence,Transformer},
   month = {12},
   pages = {1-15},
   publisher = {BioMed Central Ltd},
   title = {Sequence-based prediction of protein binding regions and drug–target interactions},
   volume = {14},
   url = {https://doi.org/10.1186/s13321-022-00584-w},
   year = {2022},
}

@article{Sofia,
   author = {Sofia D’Souza and K. V. Prema and S. Balaji and Ronak Shah},
   doi = {10.1007/S12539-023-00557-Z},
   issn = {1867-1462},
   journal = {Interdisciplinary sciences, computational life sciences},
   keywords = {K V Prema,MEDLINE,NCBI,NIH,NLM,National Center for Biotechnology Information,National Institutes of Health,National Library of Medicine,PubMed Abstract,Ronak Shah,Sofia D'Souza,doi:10.1007/s12539-023-00557-z,pmid:36967455},
   pmid = {36967455},
   publisher = {Interdiscip Sci},
   title = {Deep Learning-Based Modeling of Drug-Target Interaction Prediction Incorporating Binding Site Information of Proteins},
   url = {https://pubmed.ncbi.nlm.nih.gov/36967455/},
   year = {2023},
}


%======================================================
% Tools that calculate descriptors
%======================================================

@article{Mold2,
   author = {Huixiao Hong and Qian Xie and Weigong Ge and Feng Qian and Hong Fang and Leming Shi and Zhenqiang Su and Roger Perkins and Weida Tong},
   doi = {10.1021/CI800038F/ASSET/IMAGES/MEDIUM/CI-2008-00038F_0001.GIF},
   issn = {1549960X},
   issue = {7},
   journal = {Journal of Chemical Information and Modeling},
   pages = {1337-1344},
   pmid = {18564836},
   publisher = {American Chemical Society},
   title = {Mold2, molecular descriptors from 2D structures for chemoinformatics and toxicoinformatics},
   volume = {48},
   url = {https://pubs.acs.org/doi/abs/10.1021/ci800038f},
   year = {2008},
}

@article{ProtR_Paper,
  author = {Xiao, Nan and Cao, Dong-Sheng and Zhu, Min-Feng and Xu, Qing-Song.},
  title = {{protr/ProtrWeb: R package and web server for generating
    various numerical representation schemes of protein sequences}},
  journal = {Bioinformatics},
  year = {2015},
  volume = {31},
  number = {11},
  pages = {1857--1859},
  doi = {10.1093/bioinformatics/btv042},
  issn = {1367-4803},
  url = {https://doi.org/10.1093/bioinformatics/btv042}
}

@misc{ProtR_Page,
   title = {Protr Web Page},
   url = {https://nanx.app/protr/},
   note = {Last accessed: 07-12-2022},
   year={2022},
}

@misc{Peptides,
   title = {Peptides},
   url = {https://rdrr.io/cran/Peptides/},
   note = {Last accessed: 10-03-2023},
   year={2023},
}

@article{PROFEAT,
   author = {P. Zhang and L. Tao and X. Zeng and C. Qin and S. Y. Chen and F. Zhu and S. Y. Yang and Z. R. Li and W. P. Chen and Y. Z. Chen},
   doi = {10.1016/J.JMB.2016.10.013},
   issn = {0022-2836},
   issue = {3},
   journal = {Journal of Molecular Biology},
   keywords = {Web server,biological network,biological pathway,network descriptor,protein descriptor},
   month = {2},
   pages = {416-425},
   pmid = {27742592},
   publisher = {Academic Press},
   title = {PROFEAT Update: A Protein Features Web Server with Added Facility to Compute Network Descriptors for Studying Omics-Derived Networks},
   volume = {429},
   year = {2017},
}

@article{PseAAC,
   author = {Hong Bin Shen and Kuo Chen Chou},
   doi = {10.1016/J.AB.2007.10.012},
   issn = {0003-2697},
   issue = {2},
   journal = {Analytical biochemistry},
   keywords = {Algorithms,Amino Acid Sequence*,Computer Simulation,Hong-Bin Shen,Internet*,Kuo-Chen Chou,MEDLINE,NCBI,NIH,NLM,National Center for Biotechnology Information,National Institutes of Health,National Library of Medicine,Proteins / chemistry*,PubMed Abstract,Software,doi:10.1016/j.ab.2007.10.012,pmid:17976365},
   month = {2},
   pages = {386-388},
   pmid = {17976365},
   publisher = {Anal Biochem},
   title = {PseAAC: a flexible web server for generating various kinds of protein pseudo amino acid composition},
   volume = {373},
   url = {https://pubmed.ncbi.nlm.nih.gov/17976365/},
   year = {2008},
}

@article{Dragon,
   author = {Andrea Mauri and Viviana Consonni and Manuela Pavan and Roberto Todeschini},
   title = {DRAGON SOFTWARE: AN EASY APPROACH TO MOLECULAR DESCRIPTOR CALCULATIONS},
   url = {shorturl.at/oDEFH},
    year = {2006},
}

@article{PaDEL,
   author = {Chun Wei Yap},
   doi = {10.1002/JCC.21707},
   issn = {1096-987X},
   issue = {7},
   journal = {Journal of Computational Chemistry},
   keywords = {molecular descriptor,open source,software},
   month = {5},
   pages = {1466-1474},
   pmid = {21425294},
   publisher = {John Wiley & Sons, Ltd},
   title = {PaDEL-descriptor: An open source software to calculate molecular descriptors and fingerprints},
   volume = {32},
   url = {https://doi.org/10.1002/jcc.21707},
   year = {2011},
}

%======================================================
% Databases & APIs
%======================================================

@misc{PubChemAPI,
   title = {PubChem API},
   url = {https://pubchemdocs.ncbi.nlm.nih.gov/pug-rest},
   note = {Last accessed: 05-12-2022},
   year={2022},
}

@misc{PubChem_Fingerprints,
   title = {PubChem Fingerprints},
   url = {https://rb.gy/p8mpnm},
   note = {Last accessed: 05-12-2022},
   year={2022},
}

@article{PubChem,
   author = {Sunghwan Kim and Jie Chen and Tiejun Cheng and Asta Gindulyte and Jia He and Siqian He and Qingliang Li and Benjamin A. Shoemaker and Paul A. Thiessen and Bo Yu and Leonid Zaslavsky and Jian Zhang and Evan E. Bolton},
   doi = {10.1093/NAR/GKAA971},
   issn = {0305-1048},
   issue = {D1},
   journal = {Nucleic Acids Research},
   keywords = {community,covid-19,disease outbreaks,genes,information resources,intellectual property,national library of medicine (u.s.),patents,periodic table of the elements,sars-cov-2,science of chemistry,united states national institutes of health},
   month = {1},
   pages = {D1388-D1395},
   pmid = {33151290},
   publisher = {Oxford Academic},
   title = {PubChem in 2021: new data content and improved web interfaces},
   volume = {49},
   url = {https://doi.org/10.1093/nar/gkaa971},
   year = {2021},
}

@article{DrugBank,
   author = {David S. Wishart and Yannick D. Feunang and An C. Guo and Elvis J. Lo and Ana Marcu and Jason R. Grant and Tanvir Sajed and Daniel Johnson and Carin Li and Zinat Sayeeda and Nazanin Assempour and Ithayavani Iynkkaran and Yifeng Liu and Adam MacIejewski and Nicola Gale and Alex Wilson and Lucy Chin and Ryan Cummings and DIana Le and Allison Pon and Craig Knox and Michael Wilson},
   doi = {10.1093/NAR/GKX1037},
   issn = {13624962},
   issue = {D1},
   journal = {Nucleic Acids Research},
   month = {1},
   pages = {D1074-D1082},
   pmid = {29126136},
   publisher = {Oxford University Press},
   title = {DrugBank 5.0: A major update to the DrugBank database for 2018},
   volume = {46},
   year = {2018},
}

@article{ChemSpider,
   abstract = {ChemSpider is a free, online chemical database offering access to physical and chemical properties, molecular structure, spectral data, synthetic methods, safety information, and nomenclature for a...},
   author = {Harry E. Pence and Antony Williams},
   doi = {10.1021/ED100697W},
   issn = {00219584},
   issue = {11},
   journal = {Journal of Chemical Education},
   keywords = {CLIC,Chemoinformatics,Computer-Based Learning,Graduate Education/Research,Internet/Web-Based Learning,Laboratory Instruction,Upper-Division Undergraduate},
   month = {11},
   pages = {1123-1124},
   publisher = {American Chemical Society and Division of Chemical Education, Inc.},
   title = {ChemSpider: An Online Chemical Information Resource},
   volume = {87},
   url = {https://pubs.acs.org/doi/full/10.1021/ed100697w},
   year = {2010},
}

@misc{Ki_Database,
   title = {Ki Database},
   url = {https://pdsp.unc.edu/databases/kidb.php},
   note = {Last accessed: 05-12-2022},
   year={2022},
}

@article{Ki_Database_Paper,
   author = {Bryan L. Roth and Estelle Lopez and Shamil Patel and Wesley K. Kroeze},
   doi = {10.1177/107385840000600408},
   issn = {10738584},
   issue = {4},
   journal = {http://dx.doi.org/10.1177/107385840000600408},
   keywords = {Antidepressant,Antipsychotic,Clozapine,Fluoxetine,Serotonin receptors},
   month = {6},
   pages = {252-262},
   publisher = {Sage PublicationsSage CA: Thousand Oaks, CA},
   title = {The Multiplicity of Serotonin Receptors: Uselessly Diverse Molecules or an Embarrassment of Riches?},
   volume = {6},
   url = {https://doi.org/10.1177/107385840000600408},
   year = {2016},
}

@article{UniProt_Paper,
    author = {The UniProt Consortium },
    title = "{UniProt: the Universal Protein Knowledgebase in 2023}",
    journal = {Nucleic Acids Research},
    volume = {51},
    number = {D1},
    pages = {D523-D531},
    year = {2022},
    month = {11},
    issn = {0305-1048},
    doi = {10.1093/nar/gkac1052},
    url = {https://doi.org/10.1093/nar/gkac1052},
    eprint = {https://academic.oup.com/nar/article-pdf/51/D1/D523/48441158/gkac1052.pdf},
}

@misc{UniProt_API,
   title = {UniProt API},
   url = {https://www.uniprot.org/help/api},
   note = {Last accessed: 14-03-2023},
   year={2023},
}

@article{Pconsc4,
   author = {Mirco Michel and David Menéndez Hurtado and Arne Elofsson},
   doi = {10.1093/BIOINFORMATICS/BTY1036},
   issn = {1367-4811},
   issue = {15},
   journal = {Bioinformatics (Oxford, England)},
   keywords = {Arne Elofsson,David Menéndez Hurtado,Deep Learning*,MEDLINE,Mirco Michel,NCBI,NIH,NLM,National Center for Biotechnology Information,National Institutes of Health,National Library of Medicine,Non-U.S. Gov't,PubMed Abstract,Research Support,Software*,doi:10.1093/bioinformatics/bty1036,pmid:30590407},
   month = {8},
   pages = {2677-2679},
   pmid = {30590407},
   publisher = {Bioinformatics},
   title = {PconsC4: fast, accurate and hassle-free contact predictions},
   volume = {35},
   url = {https://pubmed.ncbi.nlm.nih.gov/30590407/},
   year = {2019},
}



@article{Davis_Dataset,
   author = {Mindy I. Davis and Jeremy P. Hunt and Sanna Herrgard and Pietro Ciceri and Lisa M. Wodicka and Gabriel Pallares and Michael Hocker and Daniel K. Treiber and Patrick P. Zarrinkar},
   doi = {10.1038/NBT.1990},
   issn = {1546-1696},
   issue = {11},
   journal = {Nature biotechnology},
   keywords = {Catalysis,Drug Design,Enzyme Stability,High-Throughput Screening Assays,Humans,Jeremy P Hunt,MEDLINE,Mindy I Davis,NCBI,NIH,NLM,National Center for Biotechnology Information,National Institutes of Health,National Library of Medicine,Patrick P Zarrinkar,Protein Binding,Protein Kinase Inhibitors / chemistry*,Protein Kinase Inhibitors / classification,Protein Kinases / chemistry*,Protein Kinases / classification,Proteomics,PubMed Abstract,Signal Transduction,Substrate Specificity,doi:10.1038/nbt.1990,pmid:22037378},
   month = {11},
   pages = {1046-1051},
   pmid = {22037378},
   publisher = {Nat Biotechnol},
   title = {Comprehensive analysis of kinase inhibitor selectivity},
   volume = {29},
   url = {https://pubmed.ncbi.nlm.nih.gov/22037378/},
   year = {2011},
}

@article{KIBA_Dataset_1,
   author = {Tong He and Marten Heidemeyer and Fuqiang Ban and Artem Cherkasov and Martin Ester},
   doi = {10.1186/S13321-017-0209-Z},
   issn = {1758-2946},
   issue = {1},
   journal = {Journal of cheminformatics},
   keywords = {MEDLINE,Marten Heidemeyer,Martin Ester,NCBI,NIH,NLM,National Center for Biotechnology Information,National Institutes of Health,National Library of Medicine,PMC5395521,PubMed Abstract,Tong He,doi:10.1186/s13321-017-0209-z,pmid:29086119},
   month = {4},
   pmid = {29086119},
   publisher = {J Cheminform},
   title = {SimBoost: a read-across approach for predicting drug-target binding affinities using gradient boosting machines},
   volume = {9},
   url = {https://pubmed.ncbi.nlm.nih.gov/29086119/},
   year = {2017},
}

@article{KIBA_Dataset_2,
   author = {Jing Tang and Agnieszka Szwajda and Sushil Shakyawar and Tao Xu and Petteri Hintsanen and Krister Wennerberg and Tero Aittokallio},
   doi = {10.1021/CI400709D},
   issn = {1549-960X},
   issue = {3},
   journal = {Journal of chemical information and modeling},
   keywords = {Agnieszka Szwajda,Animals,Comparative Study,Computational Biology / methods,Databases,Drug Discovery* / methods,Factual,Humans,Jing Tang,MEDLINE,NCBI,NIH,NLM,National Center for Biotechnology Information,National Institutes of Health,National Library of Medicine,Non-U.S. Gov't,Protein Kinase Inhibitors / pharmacology*,Protein Kinases / metabolism*,PubMed Abstract,Research Support,Tero Aittokallio,doi:10.1021/ci400709d,pmid:24521231},
   month = {3},
   pages = {735-743},
   pmid = {24521231},
   publisher = {J Chem Inf Model},
   title = {Making sense of large-scale kinase inhibitor bioactivity data sets: a comparative and integrative analysis},
   volume = {54},
   url = {https://pubmed.ncbi.nlm.nih.gov/24521231/},
   year = {2014},
}

%======================================================
% Web App
%======================================================

@misc{Streamlit,
   title = {Streamlit},
   url = {https://streamlit.io/},
   note = {Last accessed: 16-02-2023},
   year={2023},
}

%======================================================
% Model Interpretability
%======================================================

@misc{ELI5,
   title = {ELI5},
   url = {https://eli5.readthedocs.io/en/latest/overview.html},
   note = {Last accessed: 16-02-2023},
   year={2023},
}

@misc{LIME,
   title = {Local Interpretable Model-Agnostic Explanations (LIME)},
   url = {https://lime-ml.readthedocs.io/en/latest/},
   note = {Last accessed: 16-02-2023},
   year={2023},
}

%======================================================
% PyTorch
%======================================================

@article{NEURIPS2019_9015,
         title = {PyTorch: An Imperative Style, High-Performance Deep Learning Library},
         author = {Paszke, Adam and Gross, Sam and Massa, Francisco and Lerer, Adam and Bradbury, James and Chanan, Gregory and Killeen, Trevor and Lin, Zeming and Gimelshein, Natalia and Antiga, Luca and Desmaison, Alban and Kopf, Andreas and Yang, Edward and DeVito, Zachary and Raison, Martin and Tejani, Alykhan and Chilamkurthy, Sasank and Steiner, Benoit and Fang, Lu and Bai, Junjie and Chintala, Soumith},
         booktitle = {Advances in Neural Information Processing Systems 32},
         pages = {8024--8035},
         year = {2019},
         publisher = {Curran Associates, Inc.},
         url = {https://rb.gy/yni8b1}
}

@misc{,
   title = {Adam},
   url = {https://rb.gy/qk4ovm},
   note = {Last accessed: 14-03-2023},
   year={2023},
}

@misc{ReLU,
   title = {Pytorch ReLU},
   url = {https://rb.gy/iwhfp4},
   note = {Last accessed: 13-03-2023},
   year={2023},
}

@misc{Linear,
   title = {PyTorch Linear},
   url = {https://rb.gy/vghpjr},
   note = {Last accessed: 13-03-2023},
   year={2023},
}

@misc{Dropout,
   title = {PyTorch Dropout},
   url = {https://rb.gy/c0yuja},
   note = {Last accessed: 13-03-2023},
   year={2023},
}

@article{PyTorch_Geometric,
  title={Fast Graph Representation Learning with {PyTorch Geometric}},
  author={Fey, Matthias and Lenssen, Jan E.},
  booktitle={ICLR Workshop on Representation Learning on Graphs and Manifolds},
  year={2019},
}

@misc{GCNConv,
   title = {PyTorch-Geometric GCNConv},
   url = {https://rb.gy/cszldw},
   note = {Last accessed: 13-03-2023},
   year={2023},
}

@misc{GlobalMeanPool,
   title = {PyTorch-Geometric Global Mean Pool},
   url = {https://rb.gy/o9imri},
   note = {Last accessed: 13-03-2023},
   year={2023},
}

@misc{Hooks,
   title = {Medium - How to Use PyTorch Hooks},
   url = {https://rb.gy/c5igks},
   note = {Last accessed: 13-03-2023},
   year={2020},
}


%======================================================
% Scikit-Learn References
%======================================================

@article{scikit-learn,
 title={Scikit-learn: Machine Learning in {P}ython},
 author={Pedregosa, F. and Varoquaux, G. and Gramfort, A. and Michel, V.
         and Thirion, B. and Grisel, O. and Blondel, M. and Prettenhofer, P.
         and Weiss, R. and Dubourg, V. and Vanderplas, J. and Passos, A. and
         Cournapeau, D. and Brucher, M. and Perrot, M. and Duchesnay, E.},
 journal={Journal of Machine Learning Research},
 volume={12},
 pages={2825--2830},
 year={2011}
}

@article{scikit-optimize,
   author = {Tim Head and Manoj Kumar and Holger Nahrstaedt and Gilles Louppe and Iaroslav Shcherbatyi},
   doi = {10.5281/ZENODO.5565057},
   keywords = {bayesian,bayesopt,computing,hyperparameter,learning,machine,optimization,python,scientific},
   month = {10},
   title = {scikit-optimize/scikit-optimize},
   url = {https://zenodo.org/record/5565057},
   year = {2021},
}

@misc{TrainTestSplit,
   title = {Scikit-Learn Train Test Split},
   url = {https://rb.gy/vjyakg},
   note = {Last accessed: 27-02-2023},
   year={2023},
}

@misc{PCA,
   title = {Scikit-Learn PCA},
   url = {https://rb.gy/ht3qwe},
   note = {Last accessed: 27-02-2023},
   year={2023},
}

@misc{RFECV,
   title = {Scikit-Learn RFECV},
   url = {https://rb.gy/rhajif},
   note = {Last accessed: 27-02-2023},
   year={2023},
}

@misc{GridSearch,
   title = {Scikit-Learn GridSearchCV},
   url = {https://rb.gy/lajkio},
   note = {Last accessed: 27-02-2023},
   year={2023},
}

@misc{RandomisedSearch,
   title = {Scikit-Learn RandomizedSearchCV},
   url = {https://rb.gy/ezpxp6},
   note = {Last accessed: 27-02-2023},
   year={2023},
}

@misc{BayesSearchCV,
   title = {Scikit-Optimize BayesSearchCV},
   url = {https://rb.gy/64ofcc},
   note = {Last accessed: 27-02-2023},
   year={2023},
}

@misc{Pipeline,
   title = {Scikit-Learn Pipeline},
   url = {https://rb.gy/tfms3r},
   note = {Last accessed: 27-02-2023},
   year={2023},
}

@misc{StandardScaler,
   title = {Scikit-Learn StandardScaler},
   url = {https://rb.gy/lwph0f},
   note = {Last accessed: 27-02-2023},
   year={2023},
}

@misc{Recall,
   title = {Scikit-Learn Recall Score},
   url = {https://rb.gy/nwdcte},
   note = {Last accessed: 19-02-2023},
   year={2023},
}

@misc{Precision,
   title = {Scikit-Learn Precision Score},
   url = {https://rb.gy/ysohkh},
   note = {Last accessed: 19-02-2023},
   year={2023},
}

@misc{F1,
   title = {Scikit-Learn F1 Score},
   url = {https://rb.gy/la6bbq},
   note = {Last accessed: 19-02-2023},
   year={2023},
}

@misc{Accuracy,
   title = {Scikit-Learn Accuracy Score},
   url = {https://rb.gy/l1igyt},
   note = {Last accessed: 19-02-2023},
   year={2023},
}

@misc{MCC,
   title = {Scikit-Learn - Matthews Correlation Coefficient},
   url = {https://rb.gy/owtt7e},
   note = {Last accessed: 19-02-2023},
   year={2023},
}

@misc{MAE,
   title = {Scikit-Learn Mean Absolute Error},
   url = {https://rb.gy/ojut90},
   note = {Last accessed: 19-02-2023},
   year={2023},
}

@misc{R2,
   title = {Scikit-Learn R2 Score},
   url = {https://rb.gy/zmqeqm},
   note = {Last accessed: 19-02-2023},
   year={2023},
}

@misc{DummyClassifier,
   title = {Scikit-Learn Dummy Classifier},
   url = {https://rb.gy/hxoyct},
   note = {Last accessed: 19-02-2023},
   year={2023},
}

@misc{DummyRegressor,
   title = {Scikit-Learn Dummy Regressor},
   url = {https://rb.gy/53xxyu},
   note = {Last accessed: 19-02-2023},
   year={2023},
}

@misc{CrossValidation,
   title = {Scikit-Learn Cross-Validation},
   url = {https://rb.gy/hsw62m},
   note = {Last accessed: 12-03-2023},
   year={2023},
}


%=======================================================
% Other Sources

@misc{Confusion_Matrix,
   title = {Towards Data Science - Confusion Matrix for Binary Classification},
   url = {https://towardsdatascience.com/confusion-matrix-for-your-multi-class-machine-learning-model-ff9aa3bf7826},
   author = {Joydwip Mohajon},
   note = {Last accessed: 19-02-2023},
   year={2023},
}

@misc{MCC2,
   title = {Statology - Matthews Correlation Coefficient},
   url = {https://www.statology.org/matthews-correlation-coefficient-python/},
   note = {Last accessed: 19-02-2023},
   year={2023},
}

@misc{R2_2,
   title = {Medium - Looking at R-Squared},
   url = {https://rb.gy/csdvea},
   author = {Erika Dauria},
   note = {Last accessed: 19-02-2023},
   year={2023},
}

@article{nanoHUB_Library,
    title = {Protein Contact Maps},
    month = {Dec},
    url = {https://nanohub.org/resources/contactmaps},
    year = {2010},
    doi = {doi:10.21981/02DQ-MT84},
    author = {Rafferty , Benjamin and Flohr , Zachary Carl and Martini , Ashlie}
}

@article{Numpy,
   title = {Array programming with {NumPy}},
    author = {Charles R. Harris and K. Jarrod Millman and St{\'{e}}fan J. van der Walt and Ralf Gommers and Pauli Virtanen and David Cournapeau and Eric Wieser and Julian Taylor and Sebastian Berg and Nathaniel J. Smith and Robert Kern and Matti Picus and Stephan Hoyer and Marten H. van Kerkwijk and Matthew Brett and Allan Haldane and Jaime Fern{\'{a}}ndez del R{\'{i}}o and Mark Wiebe and Pearu Peterson and Pierre G{\'{e}}rard-Marchant and Kevin Sheppard and Tyler Reddy and Warren Weckesser and Hameer Abbasi and Christoph Gohlke and Travis E. Oliphant},
    year = {2020},
    month = sep,
    journal = {Nature},
    volume = {585},
    number = {7825},
    pages = {357--362},
    doi = {10.1038/s41586-020-2649-2},
    publisher = {Springer Science and Business Media {LLC}},
    url = {https://doi.org/10.1038/s41586-020-2649-2}
}


